<?xml version="1.0" encoding="UTF-8"?><collection xmlns="http://www.loc.gov/MARC21/slim"><record><leader>00456nam--2200145-i-4500</leader><controlfield tag="001">000011925</controlfield><controlfield tag="002">20161230</controlfield><controlfield tag="005">20170207000916</controlfield><controlfield tag="008">060222s1000------------r-----000-0-eng-d</controlfield><datafield ind1=" " ind2=" " tag="100"><subfield code="a">Collin, Francois</subfield></datafield><datafield ind1=" " ind2=" " tag="245"><subfield code="a">Contribution a l optimisation de l emploi des ressources dans les systemes d explitation des ordinateurs</subfield><subfield code="b">these</subfield></datafield><datafield ind1=" " ind2=" " tag="260"><subfield code="a">Paris</subfield><subfield code="b">L Universite De Paris Vi</subfield><subfield code="c">1974</subfield></datafield><datafield ind1=" " ind2=" " tag="300"><subfield code="a">/Dif.P.</subfield></datafield><datafield ind1=" " ind2=" " tag="852"><subfield code="a">681.3.02(043)</subfield></datafield><datafield ind1=" " ind2=" " tag="CAT"><subfield code="a">SYS</subfield><subfield code="c">20170207</subfield><subfield code="h">000916</subfield></datafield></record></collection>